@misc{becker2023degree,
      title={A degree one Carleson operator along the paraboloid},
      author={Lars Becker},
      year={2023},
      eprint={2312.01134},
      archivePrefix={arXiv},
      primaryClass={math.CA}
}@incollection {MR3220096,
    AUTHOR = {Assani, Idris and Presser, Kimberly},
     TITLE = {A survey of the return times theorem},
 BOOKTITLE = {Ergodic theory and dynamical systems},
    SERIES = {De Gruyter Proc. Math.},
     PAGES = {19--58},
 PUBLISHER = {De Gruyter, Berlin},
      YEAR = {2014},
   MRCLASS = {37A05 (37A30 37A45 37A50 37B20)},
  MRNUMBER = {3220096},
}

@article {becker2024maximal,
    AUTHOR = {Becker, Lars},
     TITLE = {Maximal polynomial modulations of singular {R}adon transforms},
   JOURNAL = {J. Funct. Anal.},
  FJOURNAL = {Journal of Functional Analysis},
    VOLUME = {286},
      YEAR = {2024},
    NUMBER = {6},
     PAGES = {Paper No. 110299, 46},
      ISSN = {0022-1236,1096-0783},
   MRCLASS = {42B20},
  MRNUMBER = {4687376},
       DOI = {10.1016/j.jfa.2023.110299},
       URL = {https://doi.org/10.1016/j.jfa.2023.110299},
}

@article {bl-generalized,
    AUTHOR = {Bergelson, Vitaly and Leibman, Alexander},
     TITLE = {Distribution of values of bounded generalized polynomials},
   JOURNAL = {Acta Math.},
  FJOURNAL = {Acta Mathematica},
    VOLUME = {198},
      YEAR = {2007},
    NUMBER = {2},
     PAGES = {155--230},
      ISSN = {0001-5962},
   MRCLASS = {11K31 (11J54)},
  MRNUMBER = {2318563},
MRREVIEWER = {Alexander Gorodnik},
       DOI = {10.1007/s11511-007-0015-y},
       URL = {https://doi.org/10.1007/s11511-007-0015-y},
}

@article {MR1037434,
    AUTHOR = {Bourgain, J.},
     TITLE = {Double recurrence and almost sure convergence},
   JOURNAL = {J. Reine Angew. Math.},
  FJOURNAL = {Journal f\"{u}r die Reine und Angewandte Mathematik. [Crelle's
              Journal]},
    VOLUME = {404},
      YEAR = {1990},
     PAGES = {140--161},
      ISSN = {0075-4102},
   MRCLASS = {28D05 (11K99 47A35)},
  MRNUMBER = {1037434},
MRREVIEWER = {Anzelm Iwanik},
       DOI = {10.1515/crll.1990.404.140},
       URL = {https://doi.org/10.1515/crll.1990.404.140},
}


@article {carleson,
    AUTHOR = {Carleson, Lennart},
     TITLE = {On convergence and growth of partial sums of {F}ourier series},
   JOURNAL = {Acta Math.},
  FJOURNAL = {Acta Mathematica},
    VOLUME = {116},
      YEAR = {1966},
     PAGES = {135--157},
      ISSN = {0001-5962},
   MRCLASS = {42.11},
  MRNUMBER = {199631},
MRREVIEWER = {J.-P. Kahane},
       DOI = {10.1007/BF02392815},
       URL = {https://doi.org/10.1007/BF02392815},
}

@book {MR0499948,
    AUTHOR = {Coifman, Ronald R. and Weiss, Guido},
     TITLE = {Analyse harmonique non-commuta--tive sur certains espaces
              homog\`enes},
    SERIES = {Lecture Notes in Mathematics, Vol. 242},
      NOTE = {\'{E}tude de certaines int\'{e}grales singuli\`eres},
 PUBLISHER = {Springer-Verlag, Berlin-New York},
      YEAR = {1971},
   MRCLASS = {43A85 (22E30)},
  MRNUMBER = {0499948},
}
@article {MR3021367,
    AUTHOR = {Eisner, Tanja and Zorin-Kranich, Pavel},
     TITLE = {Uniformity in the {W}iener-{W}intner theorem for nilsequences},
   JOURNAL = {Discrete Contin. Dyn. Syst.},
  FJOURNAL = {Discrete and Continuous Dynamical Systems. Series A},
    VOLUME = {33},
      YEAR = {2013},
    NUMBER = {8},
     PAGES = {3497--3516},
      ISSN = {1078-0947},
   MRCLASS = {37A45 (28D05 37A30)},
  MRNUMBER = {3021367},
MRREVIEWER = {Nhan-Phu Chung},
       DOI = {10.3934/dcds.2013.33.3497},
       URL = {https://doi.org/10.3934/dcds.2013.33.3497},
}

@article {fefferman,
    AUTHOR = {Fefferman, Charles},
     TITLE = {Pointwise convergence of {F}ourier series},
   JOURNAL = {Ann. of Math. (2)},
  FJOURNAL = {Annals of Mathematics. Second Series},
    VOLUME = {98},
      YEAR = {1973},
     PAGES = {551--571},
      ISSN = {0003-486X},
   MRCLASS = {42A20},
  MRNUMBER = {340926},
MRREVIEWER = {P. Sj\"{o}lin},
       DOI = {10.2307/1970917},
       URL = {https://doi.org/10.2307/1970917},
}
@book {fisher-ruzhansky,
    AUTHOR = {Fischer, Veronique and Ruzhansky, Michael},
     TITLE = {Quantization on nilpotent {L}ie groups},
    SERIES = {Progress in Mathematics},
    VOLUME = {314},
 PUBLISHER = {Birkh\"{a}user/Springer, [Cham]},
      YEAR = {2016},
     PAGES = {xiii+557},
      ISBN = {978-3-319-29557-2; 978-3-319-29558-9},
   MRCLASS = {22E25 (22E30 35R03 35S05 43A80 46L05)},
  MRNUMBER = {3469687},
MRREVIEWER = {Antoni Wawrzy\'{n}czyk},
       DOI = {10.1007/978-3-319-29558-9},
       URL = {https://doi.org/10.1007/978-3-319-29558-9},
}
@book {goodman,
    AUTHOR = {Goodman, Roe W.},
     TITLE = {Nilpotent {L}ie groups: structure and applications to
              analysis},
    SERIES = {Lecture Notes in Mathematics, Vol. 562},
 PUBLISHER = {Springer-Verlag, Berlin-New York},
      YEAR = {1976},
     PAGES = {x+210},
   MRCLASS = {22E25 (22E30 22E45 32M15 35H05)},
  MRNUMBER = {0442149},
MRREVIEWER = {G. L. Litvinov},
}
@article {MR2115460,
    AUTHOR = {Grafakos, Loukas and Martell, Jos\'{e} Mar\'{\i}a and Soria, Fernando},
     TITLE = {Weighted norm inequalities for maximally modulated singular
              integral operators},
   JOURNAL = {Math. Ann.},
  FJOURNAL = {Mathematische Annalen},
    VOLUME = {331},
      YEAR = {2005},
    NUMBER = {2},
     PAGES = {359--394},
      ISSN = {0025-5831},
   MRCLASS = {42B20 (47G10)},
  MRNUMBER = {2115460},
MRREVIEWER = {Xavier Tolsa},
       DOI = {10.1007/s00208-004-0586-2},
       URL = {https://doi.org/10.1007/s00208-004-0586-2},
}
@article {green-tao-quantitative,
    AUTHOR = {Green, Ben and Tao, Terence},
     TITLE = {The quantitative behaviour of polynomial orbits on
              nilmanifolds},
   JOURNAL = {Ann. of Math. (2)},
  FJOURNAL = {Annals of Mathematics. Second Series},
    VOLUME = {175},
      YEAR = {2012},
    NUMBER = {2},
     PAGES = {465--540},
      ISSN = {0003-486X},
   MRCLASS = {37A15},
  MRNUMBER = {2877065},
MRREVIEWER = {Tamar Ziegler},
       DOI = {10.4007/annals.2012.175.2.2},
       URL = {https://doi.org/10.4007/annals.2012.175.2.2},
}
@article {Krause+2018,
    AUTHOR = {Krause, Ben and Zorin-Kranich, Pavel},
     TITLE = {Weighted and vector-valued variational estimates for ergodic
              averages},
   JOURNAL = {Ergodic Theory Dynam. Systems},
  FJOURNAL = {Ergodic Theory and Dynamical Systems},
    VOLUME = {38},
      YEAR = {2018},
    NUMBER = {1},
     PAGES = {244--256},
      ISSN = {0143-3857},
   MRCLASS = {37A25 (60G46)},
  MRNUMBER = {3742545},
MRREVIEWER = {Idris Assani},
       DOI = {10.1017/etds.2016.27},
       URL = {https://doi.org/10.1017/etds.2016.27},
}
@article {MR2430729,
    AUTHOR = {Lacey, Michael and Terwilleger, Erin},
     TITLE = {A {W}iener-{W}intner theorem for the {H}ilbert transform},
   JOURNAL = {Ark. Mat.},
  FJOURNAL = {Arkiv f\"{o}r Matematik},
    VOLUME = {46},
      YEAR = {2008},
    NUMBER = {2},
     PAGES = {315--336},
      ISSN = {0004-2080},
   MRCLASS = {42A20 (42A38)},
  MRNUMBER = {2430729},
       DOI = {10.1007/s11512-008-0080-2},
       URL = {https://doi.org/10.1007/s11512-008-0080-2},
}




	@article {lacey-thiele,
    AUTHOR = {Lacey, Michael and Thiele, Christoph},
     TITLE = {A proof of boundedness of the {C}arleson operator},
   JOURNAL = {Math. Res. Lett.},
  FJOURNAL = {Mathematical Research Letters},
    VOLUME = {7},
      YEAR = {2000},
    NUMBER = {4},
     PAGES = {361--370},
      ISSN = {1073-2780},
   MRCLASS = {42A20 (42B10 42B25 47B38)},
  MRNUMBER = {1783613},
MRREVIEWER = {Loukas Grafakos},
       DOI = {10.4310/MRL.2000.v7.n4.a1},
       URL = {https://doi.org/10.4310/MRL.2000.v7.n4.a1},
}

@article {leibman,
    AUTHOR = {Leibman, A.},
     TITLE = {Polynomial mappings of groups},
   JOURNAL = {Israel J. Math.},
  FJOURNAL = {Israel Journal of Mathematics},
    VOLUME = {129},
      YEAR = {2002},
     PAGES = {29--60},
      ISSN = {0021-2172},
   MRCLASS = {20F18 (20K30 37A25 43A07 47D03)},
  MRNUMBER = {1910931},
MRREVIEWER = {Tullio G. Ceccherini-Silberstein},
       DOI = {10.1007/BF02773152},
       URL = {https://doi.org/10.1007/BF02773152},
}
@article {ramos,
    AUTHOR = {Ramos, Jo\~{a}o P. G.},
     TITLE = {The {H}ilbert transform along the parabola, the polynomial
              {C}arleson theorem and oscillatory singular integrals},
   JOURNAL = {Math. Ann.},
  FJOURNAL = {Mathematische Annalen},
    VOLUME = {379},
      YEAR = {2021},
    NUMBER = {1-2},
     PAGES = {159--185},
      ISSN = {0025-5831},
   MRCLASS = {42B20 (42B25 44A12)},
  MRNUMBER = {4211085},
MRREVIEWER = {Joris Roos},
       DOI = {10.1007/s00208-020-02075-5},
       URL = {https://doi.org/10.1007/s00208-020-02075-5},
}




@article{christ1990b,
  title={A T(b) theorem with remarks on analytic capacity and the Cauchy integral},
  author={Christ, Michael},
  journal={Colloquium Mathematicum},
  volume={2},
  number={60-61},
  pages={601--628},
  year={1990}
}

@book {hk-book,
    AUTHOR = {Host, Bernard and Kra, Bryna},
     TITLE = {Nilpotent structures in ergodic theory},
    SERIES = {Mathematical Surveys and Monographs},
    VOLUME = {236},
 PUBLISHER = {American Mathematical Society, Providence, RI},
      YEAR = {2018},
     PAGES = {X+427},
      ISBN = {978-1-4704-4780-9},
   MRCLASS = {37-02 (11B30 28D05 37Axx 37B05 47A35)},
  MRNUMBER = {3839640},
MRREVIEWER = {Yonatan Gutman},
       DOI = {10.1090/surv/236},
       URL = {https://doi.org/10.1090/surv/236},
}
@article {ledonne-golo,
    AUTHOR = {Le Donne, Enrico and Golo, Sebastiano Nicolussi},
     TITLE = {Metric {L}ie groups admitting dilations},
   JOURNAL = {Ark. Mat.},
  FJOURNAL = {Arkiv f\"{o}r Matematik},
    VOLUME = {59},
      YEAR = {2021},
    NUMBER = {1},
     PAGES = {125--163},
      ISSN = {0004-2080},
   MRCLASS = {54E40 (22E15 54E45)},
  MRNUMBER = {4256009},
MRREVIEWER = {Xiaodan Zhou},
       DOI = {10.4310/arkiv.2021.v59.n1.a5},
       URL = {https://doi.org/10.4310/arkiv.2021.v59.n1.a5},
}
@book {varadarajan,
    AUTHOR = {Varadarajan, V. S.},
     TITLE = {Lie groups, {L}ie algebras, and their representations},
    SERIES = {Graduate Texts in Mathematics},
    VOLUME = {102},
      NOTE = {Reprint of the 1974 edition},
 PUBLISHER = {Springer-Verlag, New York},
      YEAR = {1984},
     PAGES = {xiii+430},
      ISBN = {0-387-90969-9},
   MRCLASS = {22-01 (17-01)},
  MRNUMBER = {746308},
       DOI = {10.1007/978-1-4612-1126-6},
       URL = {https://doi.org/10.1007/978-1-4612-1126-6},
}

@book {knapp,
    AUTHOR = {Knapp, Anthony W.},
     TITLE = {Lie groups beyond an introduction},
    SERIES = {Progress in Mathematics},
    VOLUME = {140},
   EDITION = {Second},
 PUBLISHER = {Birkh\"{a}user Boston, Inc., Boston, MA},
      YEAR = {2002},
     PAGES = {xviii+812},
      ISBN = {0-8176-4259-5},
   MRCLASS = {22-01},
  MRNUMBER = {1920389},
}

@article {donne-survey-carnot,
    AUTHOR = {Le Donne, Enrico},
     TITLE = {A primer on {C}arnot groups: homogenous groups,
              {C}arnot-{C}arath\'{e}odory spaces, and regularity of their
              isometries},
   JOURNAL = {Anal. Geom. Metr. Spaces},
  FJOURNAL = {Analysis and Geometry in Metric Spaces},
    VOLUME = {5},
      YEAR = {2017},
    NUMBER = {1},
     PAGES = {116--137},
   MRCLASS = {53C17 (22E25 22F30 43A80)},
  MRNUMBER = {3742567},
MRREVIEWER = {Andrea Pinamonti},
       DOI = {10.1515/agms-2017-0007},
       URL = {https://doi.org/10.1515/agms-2017-0007},
}

@article {lie-quadratic,
    AUTHOR = {Lie, Victor},
     TITLE = {The (weak-{$L^2$}) boundedness of the quadratic {C}arleson
              operator},
   JOURNAL = {Geom. Funct. Anal.},
  FJOURNAL = {Geometric and Functional Analysis},
    VOLUME = {19},
      YEAR = {2009},
    NUMBER = {2},
     PAGES = {457--497},
      ISSN = {1016-443X},
   MRCLASS = {42A50 (42A20)},
  MRNUMBER = {2545246},
MRREVIEWER = {Javier Duoandikoetxea},
       DOI = {10.1007/s00039-009-0010-x},
       URL = {https://doi.org/10.1007/s00039-009-0010-x},
}

@article {lie-polynomial,
    AUTHOR = {Lie, Victor},
     TITLE = {The polynomial {C}arleson operator},
   JOURNAL = {Ann. of Math. (2)},
  FJOURNAL = {Annals of Mathematics. Second Series},
    VOLUME = {192},
      YEAR = {2020},
    NUMBER = {1},
     PAGES = {47--163},
      ISSN = {0003-486X},
   MRCLASS = {42A20 (42A50)},
  MRNUMBER = {4125450},
MRREVIEWER = {Michael T. Lacey},
       DOI = {10.4007/annals.2020.192.1.2},
       URL = {https://doi.org/10.4007/annals.2020.192.1.2},
}

@article {MR420837,
    AUTHOR = {L\'{e}pingle, D.},
     TITLE = {La variation d'ordre {$p$} des semi-martingales},
   JOURNAL = {Z. Wahrscheinlichkeitstheorie und Verw. Gebiete},
  FJOURNAL = {Zeitschrift f\"{u}r Wahrscheinlichkeitstheorie und Verwandte
              Gebiete},
    VOLUME = {36},
      YEAR = {1976},
    NUMBER = {4},
     PAGES = {295--316},
   MRCLASS = {60G45},
  MRNUMBER = {420837},
MRREVIEWER = {Norihiko Kazamaki},
       DOI = {10.1007/BF00532696},
       URL = {https://doi.org/10.1007/BF00532696},
}

@article {nsw-balls,
    AUTHOR = {Nagel, Alexander and Stein, Elias M. and Wainger, Stephen},
     TITLE = {Balls and metrics defined by vector fields. {I}. {B}asic
              properties},
   JOURNAL = {Acta Math.},
  FJOURNAL = {Acta Mathematica},
    VOLUME = {155},
      YEAR = {1985},
    NUMBER = {1-2},
     PAGES = {103--147},
      ISSN = {0001-5962},
   MRCLASS = {46E35 (26D10 32F20 35H05 46N05 58G05)},
  MRNUMBER = {793239},
MRREVIEWER = {Gerald B. Folland},
       DOI = {10.1007/BF02392539},
       URL = {https://doi.org/10.1007/BF02392539},
}
@article {pansu-nil,
    AUTHOR = {Pansu, Pierre},
     TITLE = {Croissance des boules et des g\'{e}od\'{e}siques ferm\'{e}es dans les
              nilvari\'{e}t\'{e}s},
   JOURNAL = {Ergodic Theory Dynam. Systems},
  FJOURNAL = {Ergodic Theory and Dynamical Systems},
    VOLUME = {3},
      YEAR = {1983},
    NUMBER = {3},
     PAGES = {415--445},
      ISSN = {0143-3857},
   MRCLASS = {53C20 (20F18 22E25 58E10)},
  MRNUMBER = {741395},
MRREVIEWER = {Victor Bangert},
       DOI = {10.1017/S0143385700002054},
       URL = {https://doi.org/10.1017/S0143385700002054},
}
@article {tao-wright,
    AUTHOR = {Tao, Terence and Wright, James},
     TITLE = {{$L^p$} improving bounds for averages along curves},
   JOURNAL = {J. Amer. Math. Soc.},
  FJOURNAL = {Journal of the American Mathematical Society},
    VOLUME = {16},
      YEAR = {2003},
    NUMBER = {3},
     PAGES = {605--638},
      ISSN = {0894-0347},
   MRCLASS = {42B15 (44A12 58D15)},
  MRNUMBER = {1969206},
MRREVIEWER = {Josefina Alvarez},
       DOI = {10.1090/S0894-0347-03-00420-X},
       URL = {https://doi.org/10.1090/S0894-0347-03-00420-X},
}

@book {corwin-greenleaf,
    AUTHOR = {Corwin, Lawrence J. and Greenleaf, Frederick P.},
     TITLE = {Representations of nilpotent {L}ie groups and their
              applications. {P}art {I}},
    SERIES = {Cambridge Studies in Advanced Mathematics},
    VOLUME = {18},
      NOTE = {Basic theory and examples},
 PUBLISHER = {Cambridge University Press, Cambridge},
      YEAR = {1990},
     PAGES = {viii+269},
      ISBN = {0-521-36034-X},
   MRCLASS = {22E27 (22-01 22E25 22E30)},
  MRNUMBER = {1070979},
MRREVIEWER = {Jeffrey Fox},
}

@article {zk-polynomial,
    AUTHOR = {Zorin-Kranich, Pavel},
     TITLE = {Maximal polynomial modulations of singular integrals},
   JOURNAL = {Adv. Math.},
  FJOURNAL = {Advances in Mathematics},
    VOLUME = {386},
      YEAR = {2021},
     PAGES = {Paper No. 107832, 40},
      ISSN = {0001-8708},
   MRCLASS = {42B20 (42B25)},
  MRNUMBER = {4270523},
MRREVIEWER = {Marco Bramanti},
       DOI = {10.1016/j.aim.2021.107832},
       URL = {https://doi.org/10.1016/j.aim.2021.107832},
}

@misc{zk-var-trunc,
  doi = {10.48550/ARXIV.2009.04541},

  url = {https://arxiv.org/abs/2009.04541},

  author = {Zorin-Kranich, Pavel},

  keywords = {Classical Analysis and ODEs (math.CA), FOS: Mathematics, FOS: Mathematics, 42B20 (Primary) 42B25 (Secondary)},

  title = {Variational truncations of singular integrals on spaces of homogeneous type},

  publisher = {arXiv},

  year = {2020},

  copyright = {Creative Commons Attribution 4.0 International},
}


@article {mnatsakanyan,
    AUTHOR = {Mnatsakanyan, Gevorg},
     TITLE = {On almost-everywhere convergence of {M}alm--quist {T}akenaka
              series},
   JOURNAL = {J. Funct. Anal.},
  FJOURNAL = {Journal of Functional Analysis},
    VOLUME = {282},
      YEAR = {2022},
    NUMBER = {12},
     PAGES = {Paper No. 109461, 33},
      ISSN = {0022-1236},
   MRCLASS = {42A20 (42A50)},
  MRNUMBER = {4395336},
MRREVIEWER = {Elijah Liflyand},
       DOI = {10.1016/j.jfa.2022.109461},
       URL = {https://doi.org/10.1016/j.jfa.2022.109461},
}

@book {bonfiglioli,
    AUTHOR = {Bonfiglioli, A. and Lanconelli, E. and Uguzzoni, F.},
     TITLE = {Stratified {L}ie groups and potential theory for their
              sub-{L}aplacians},
    SERIES = {Springer Monographs in Mathematics},
 PUBLISHER = {Springer, Berlin},
      YEAR = {2007},
     PAGES = {xxvi+800},
      ISBN = {978-3-540-71896-3; 3-540-71896-6},
   MRCLASS = {22E30 (31C45 35-02 35H10 43A80)},
  MRNUMBER = {2363343},
MRREVIEWER = {Maria Stella Fanciullo},
}


@book {stein-book,
    AUTHOR = {Stein, Elias M.},
     TITLE = {Harmonic analysis: real-variable methods, orthogonality, and
              oscillatory integrals},
    SERIES = {Princeton Mathematical Series},
    VOLUME = {43},
      NOTE = {With the assistance of Timothy S. Murphy,
              Monographs in Harmonic Analysis, III},
 PUBLISHER = {Princeton University Press, Princeton, NJ},
      YEAR = {1993},
     PAGES = {xiv+695},
      ISBN = {0-691-03216-5},
   MRCLASS = {42-02 (35Sxx 43-02 47G30)},
  MRNUMBER = {1232192},
MRREVIEWER = {Michael Cowling},
}
@article {Hyt+adjacent,
    AUTHOR = {Hyt\"{o}nen, Tuomas and Kairema, Anna},
     TITLE = {Systems of dyadic cubes in a doubling metric space},
   JOURNAL = {Colloq. Math.},
  FJOURNAL = {Colloquium Mathematicum},
    VOLUME = {126},
      YEAR = {2012},
    NUMBER = {1},
     PAGES = {1--33},
      ISSN = {0010-1354},
   MRCLASS = {42B25 (60D05)},
  MRNUMBER = {2901199},
MRREVIEWER = {Raymond H. Cox},
       DOI = {10.4064/cm126-1-1},
       URL = {https://doi.org/10.4064/cm126-1-1},
}
@article {PSquasimetric,
    AUTHOR = {Paluszy\'{n}ski, Maciej and Stempak, Krzysztof},
     TITLE = {On quasi-metric and metric spaces},
   JOURNAL = {Proc. Amer. Math. Soc.},
  FJOURNAL = {Proceedings of the American Mathematical Society},
    VOLUME = {137},
      YEAR = {2009},
    NUMBER = {12},
     PAGES = {4307--4312},
      ISSN = {0002-9939},
   MRCLASS = {54E35},
  MRNUMBER = {2538591},
       DOI = {10.1090/S0002-9939-09-10058-8},
       URL = {https://doi.org/10.1090/S0002-9939-09-10058-8},
}

@article {stein-wainger,
    AUTHOR = {Stein, Elias M. and Wainger, Stephen},
     TITLE = {Oscillatory integrals related to {C}arleson's theorem},
   JOURNAL = {Math. Res. Lett.},
  FJOURNAL = {Mathematical Research Letters},
    VOLUME = {8},
      YEAR = {2001},
    NUMBER = {5-6},
     PAGES = {789--800},
      ISSN = {1073-2780},
   MRCLASS = {42B20 (47G10)},
  MRNUMBER = {1879821},
MRREVIEWER = {B. S. Rubin},
       DOI = {10.4310/MRL.2001.v8.n6.a9},
       URL = {https://doi.org/10.4310/MRL.2001.v8.n6.a9},
}

@article {oberlinetal,
    AUTHOR = {Oberlin, Richard and Seeger, Andreas and Tao, Terence and
              Thiele, Christoph and Wright, James},
     TITLE = {A variation norm {C}arleson theorem},
   JOURNAL = {J. Eur. Math. Soc. (JEMS)},
  FJOURNAL = {Journal of the European Mathematical Society (JEMS)},
    VOLUME = {14},
      YEAR = {2012},
    NUMBER = {2},
     PAGES = {421--464},
      ISSN = {1435-9855},
   MRCLASS = {42A20 (42A16 42A45 42A61)},
  MRNUMBER = {2881301},
MRREVIEWER = {Alexander V. Tovstolis},
       DOI = {10.4171/JEMS/307},
       URL = {https://doi.org/10.4171/JEMS/307},
}

@article {lacey-terwilleger,
    AUTHOR = {Lacey, Michael and Terwilleger, Erin},
     TITLE = {A {W}iener-{W}intner theorem for the {H}ilbert transform},
   JOURNAL = {Ark. Mat.},
  FJOURNAL = {Arkiv f\"{o}r Matematik},
    VOLUME = {46},
      YEAR = {2008},
    NUMBER = {2},
     PAGES = {315--336},
      ISSN = {0004-2080},
   MRCLASS = {42A20 (42A38)},
  MRNUMBER = {2430729},
       DOI = {10.1007/s11512-008-0080-2},
       URL = {https://doi.org/10.1007/s11512-008-0080-2},
}

@book {assani-book,
    AUTHOR = {Assani, Idris},
     TITLE = {Wiener {W}intner ergodic theorems},
 PUBLISHER = {World Scientific Publishing Co., Inc., River Edge, NJ},
      YEAR = {2003},
     PAGES = {xii+216},
      ISBN = {981-02-4439-8},
   MRCLASS = {37A30 (28D05 47A35 82B03)},
  MRNUMBER = {1995517},
MRREVIEWER = {U. Krengel},
       DOI = {10.1142/4538},
       URL = {https://doi.org/10.1142/4538},
}
@article {assani-survey,
    AUTHOR = {Assani, Idris},
     TITLE = {Wiener-{W}intner ergodic theorem, in brief},
   JOURNAL = {Notices Amer. Math. Soc.},
  FJOURNAL = {Notices of the American Mathematical Society},
    VOLUME = {69},
      YEAR = {2022},
    NUMBER = {2},
     PAGES = {198--209},
      ISSN = {0002-9920},
   MRCLASS = {37A30 (37-03)},
  MRNUMBER = {4370757},
       DOI = {10.1090/noti2429},
       URL = {https://doi.org/10.1090/noti2429},
}
@article {franz-unif,
    AUTHOR = {Frantzikinakis, Nikos},
     TITLE = {Uniformity in the polynomial {W}iener-{W}intner theorem},
   JOURNAL = {Ergodic Theory Dynam. Systems},
  FJOURNAL = {Ergodic Theory and Dynamical Systems},
    VOLUME = {26},
      YEAR = {2006},
    NUMBER = {4},
     PAGES = {1061--1071},
      ISSN = {0143-3857},
   MRCLASS = {37A35 (37A30)},
  MRNUMBER = {2246591},
MRREVIEWER = {Idris Assani},
       DOI = {10.1017/S0143385706000204},
       URL = {https://doi.org/10.1017/S0143385706000204},
}

@article {lesigne,
    AUTHOR = {Lesigne, E.},
     TITLE = {Spectre quasi-discret et th\'{e}or\`eme ergodique de
              {W}iener-{W}intner pour les polyn\^{o}mes},
   JOURNAL = {Ergodic Theory Dynam. Systems},
  FJOURNAL = {Ergodic Theory and Dynamical Systems},
    VOLUME = {13},
      YEAR = {1993},
    NUMBER = {4},
     PAGES = {767--784},
      ISSN = {0143-3857},
   MRCLASS = {28D05 (11K41 47A35)},
  MRNUMBER = {1257033},
MRREVIEWER = {V. Losert},
}
@article {Lorist2021,
    AUTHOR = {Lorist, Emiel},
     TITLE = {On pointwise {$\ell^r$}-sparse domination in a space of
              homogeneous type},
   JOURNAL = {J. Geom. Anal.},
  FJOURNAL = {Journal of Geometric Analysis},
    VOLUME = {31},
      YEAR = {2021},
    NUMBER = {9},
     PAGES = {9366--9405},
      ISSN = {1050-6926},
   MRCLASS = {42B20 (42B15 42B25 46E40)},
  MRNUMBER = {4302224},
MRREVIEWER = {Hua Wang},
       DOI = {10.1007/s12220-020-00514-y},
       URL = {https://doi.org/10.1007/s12220-020-00514-y},
}
@article {Lerner2016,
    AUTHOR = {Lerner, Andrei K.},
     TITLE = {On pointwise estimates involving sparse operators},
   JOURNAL = {New York J. Math.},
  FJOURNAL = {New York Journal of Mathematics},
    VOLUME = {22},
      YEAR = {2016},
     PAGES = {341--349},
   MRCLASS = {42B20 (42B25)},
  MRNUMBER = {3484688},
MRREVIEWER = {Marcel Rosenthal},
       URL = {http://nyjm.albany.edu:8000/j/2016/22_341.html},
}


@book {anderson,
    AUTHOR = {Anderson, James W.},
     TITLE = {Hyperbolic geometry},
    SERIES = {Springer Undergraduate Mathematics Series},
   EDITION = {Second},
 PUBLISHER = {Springer-Verlag London, Ltd., London},
      YEAR = {2005},
     PAGES = {xii+276},
      ISBN = {1-85233-934-9},
   MRCLASS = {51-01 (30-01 30F35 30F45 51M10)},
  MRNUMBER = {2161463},
}
@book {gmr,
    AUTHOR = {Garcia, Stephan Ramon and Mashreghi, Javad and Ross, William
              T.},
     TITLE = {Finite {B}laschke products and their connections},
 PUBLISHER = {Springer, Cham},
      YEAR = {2018},
     ISBN = {978-3-319-78246-1; 978-3-319-78247-8},
   MRCLASS = {30-02 (47A12 47A30)},
  MRNUMBER = {3793610},
MRREVIEWER = {John R. Akeroyd},
       DOI = {10.1007/978-3-319-78247-8},
       URL = {https://doi.org/10.1007/978-3-319-78247-8},
}

@phdthesis{bp2017,
  author       = {Beltran Portalés, David},
  title        = {Geometric control of oscillatory integrals},
  school       = {University of Birmingham},
  year         = {2017}
}

@article {ricci-stein3,
    AUTHOR = {Ricci, F. and Stein, E. M.},
     TITLE = {Oscillatory singular integrals and harmonic analysis on
              nilpotent groups},
   JOURNAL = {Proc. Nat. Acad. Sci. U.S.A.},
  FJOURNAL = {Proceedings of the National Academy of Sciences of the United
              States of America},
    VOLUME = {83},
      YEAR = {1986},
    NUMBER = {1},
     PAGES = {1--3},
      ISSN = {0027-8424},
   MRCLASS = {22E30 (42B20 43A80)},
  MRNUMBER = {822187},
       DOI = {10.1073/pnas.83.1.1},
       URL = {https://doi.org/10.1073/pnas.83.1.1},
}
@article {ricci-stein2,
    AUTHOR = {Ricci, Fulvio and Stein, E. M.},
     TITLE = {Harmonic analysis on nilpotent groups and singular integrals.
              {I}. {O}scillatory integrals},
   JOURNAL = {J. Funct. Anal.},
  FJOURNAL = {Journal of Functional Analysis},
    VOLUME = {73},
      YEAR = {1987},
    NUMBER = {1},
     PAGES = {179--194},
      ISSN = {0022-1236},
   MRCLASS = {42B20 (22E30 43A80 58G15)},
  MRNUMBER = {890662},
MRREVIEWER = {Detlef H. M\"{u}ller},
       DOI = {10.1016/0022-1236(87)90064-4},
       URL = {https://doi.org/10.1016/0022-1236(87)90064-4},
}
@article {ricci-stein1,
    AUTHOR = {Ricci, Fulvio and Stein, Elias M.},
     TITLE = {Harmonic analysis on nilpotent groups and singular integrals.
              {II}. {S}ingular kernels supported on submanifolds},
   JOURNAL = {J. Funct. Anal.},
  FJOURNAL = {Journal of Functional Analysis},
    VOLUME = {78},
      YEAR = {1988},
    NUMBER = {1},
     PAGES = {56--84},
      ISSN = {0022-1236},
   MRCLASS = {42B20 (22E30 47G05)},
  MRNUMBER = {937632},
MRREVIEWER = {Detlef H. M\"{u}ller},
       DOI = {10.1016/0022-1236(88)90132-2},
       URL = {https://doi.org/10.1016/0022-1236(88)90132-2},
}
@article {ricci-stein,
    AUTHOR = {Ricci, Fulvio and Stein, Elias M.},
     TITLE = {Harmonic analysis on nilpotent groups and singular integrals.
              {III}. {F}ractional integration along manifolds},
   JOURNAL = {J. Funct. Anal.},
  FJOURNAL = {Journal of Functional Analysis},
    VOLUME = {86},
      YEAR = {1989},
    NUMBER = {2},
     PAGES = {360--389},
      ISSN = {0022-1236},
   MRCLASS = {22E30 (42B20 47G05)},
  MRNUMBER = {1021141},
MRREVIEWER = {Detlef H. M\"{u}ller},
       DOI = {10.1016/0022-1236(89)90057-8},
       URL = {https://doi.org/10.1016/0022-1236(89)90057-8},
}

@article {MaciasSegovia,
    AUTHOR = {Mac\'{\i}as, Roberto A. and Segovia, Carlos},
     TITLE = {Lipschitz functions on spaces of homogeneous type},
   JOURNAL = {Adv. in Math.},
  FJOURNAL = {Advances in Mathematics},
    VOLUME = {33},
      YEAR = {1979},
    NUMBER = {3},
     PAGES = {257--270},
      ISSN = {0001-8708},
   MRCLASS = {32A35 (42B30)},
  MRNUMBER = {546295},
MRREVIEWER = {Sun Yung A. Chang},
       DOI = {10.1016/0001-8708(79)90012-4},
       URL = {https://doi.org/10.1016/0001-8708(79)90012-4},
}

@article {MR227354,
    AUTHOR = {Calder\'{o}n, A.-P.},
     TITLE = {Ergodic theory and translation-invariant operators},
   JOURNAL = {Proc. Nat. Acad. Sci. U.S.A.},
  FJOURNAL = {Proceedings of the National Academy of Sciences of the United
              States of America},
    VOLUME = {59},
      YEAR = {1968},
     PAGES = {349--353},
      ISSN = {0027-8424},
   MRCLASS = {28.70 (47.00)},
  MRNUMBER = {227354},
MRREVIEWER = {D. Newton},
       DOI = {10.1073/pnas.59.2.349},
       URL = {https://doi.org/10.1073/pnas.59.2.349},
}

@book {MR0481928,
    AUTHOR = {Coifman, Ronald R. and Weiss, Guido},
     TITLE = {Transference methods in analysis},
    SERIES = {Conference Board of the Mathematical Sciences Regional
              Conference Series in Mathematics, No. 31},
 PUBLISHER = {American Mathematical Society, Providence, R.I.},
      YEAR = {1976},
     PAGES = {ii+59},
      ISBN = {0-8218-1681-0},
   MRCLASS = {43A22 (28A65 42-02 43A85)},
  MRNUMBER = {0481928},
MRREVIEWER = {Alberto Torchinsky},
}

@book {MR961261,
    AUTHOR = {Paterson, Alan L. T.},
     TITLE = {Amenability},
    SERIES = {Mathematical Surveys and Monographs},
    VOLUME = {29},
 PUBLISHER = {American Mathematical Society, Providence, RI},
      YEAR = {1988},
     PAGES = {xx+452},
      ISBN = {0-8218-1529-6},
   MRCLASS = {43-02 (22-02 43A07 46Lxx)},
  MRNUMBER = {961261},
MRREVIEWER = {C. Chou},
       DOI = {10.1090/surv/029},
       URL = {https://doi.org/10.1090/surv/029},
}

@article {MR1865397,
    AUTHOR = {Lindenstrauss, Elon},
     TITLE = {Pointwise theorems for amenable groups},
   JOURNAL = {Invent. Math.},
  FJOURNAL = {Inventiones Mathematicae},
    VOLUME = {146},
      YEAR = {2001},
    NUMBER = {2},
     PAGES = {259--295},
      ISSN = {0020-9910},
   MRCLASS = {37A15 (28D15 37A30)},
  MRNUMBER = {1865397},
MRREVIEWER = {Thomas Ward},
       DOI = {10.1007/s002220100162},
       URL = {https://doi.org/10.1007/s002220100162},
}

@article {MR4549088,
    AUTHOR = {Ionescu, Alexandru D. and Magyar, \'{A}kos and Mirek, Mariusz and
              Szarek, Tomasz Z.},
     TITLE = {Polynomial averages and pointwise ergodic theorems on
              nilpotent groups},
   JOURNAL = {Invent. Math.},
  FJOURNAL = {Inventiones Mathematicae},
    VOLUME = {231},
      YEAR = {2023},
    NUMBER = {3},
     PAGES = {1023--1140},
      ISSN = {0020-9910},
   MRCLASS = {37A30 (11B30 22E25)},
  MRNUMBER = {4549088},
       DOI = {10.1007/s00222-022-01159-0},
       URL = {https://doi.org/10.1007/s00222-022-01159-0},
}

@article{hebisch1990smooth,
  title={A smooth subadditive homogeneous norm on a homogeneous group},
  author={Hebisch, Waldemar and Sikora, Adam},
  journal={Studia Mathematica},
  volume={96},
  pages={231--236},
  year={1990},
  publisher={Instytut Matematyczny Polskiej Akademii Nauk}
}

@article{nicolaides1972class,
  title={On a class of finite elements generated by Lagrange interpolation},
  author={Nicolaides, RA},
  journal={SIAM Journal on Numerical Analysis},
  volume={9},
  number={3},
  pages={435--445},
  year={1972},
  publisher={SIAM}
}